@online{jetbrains-sro-no-dateA,
	title = {Glossary | MPS},
	url = {https://www.jetbrains.com/help/mps/glossary.html},
	urldate = {2024-02-20},
}
@inreference{wikipedia-contributors-2023,
	author = {{Wikipedia contributors}},
	date = {2023-07-16},
	title = {Denotational semantics},
	url = {https://en.wikipedia.org/wiki/Denotational_semantics?oldformat=true},
	urldate = {2024-04-03},
}
@book{aho-2006,
	author = {given-i=AV, given={Alfred V.}, family=Aho and given-i=MS, given={Monica S.}, family=Lam and given-i=R, given=Ravi, family=Sethi and given-i=JD, given={Jeffrey D.}, family=Ullman},
	date = {2006-08-01},
	title = {Compilers: Principles, Techniques, and Tools (2nd Edition)},
	url = {https://dl.acm.org/citation.cfm?id=1177220},
}
@online{p-2024,
	author = {given-i=V, given=Vera, family=P},
	date = {2024-03-03},
	title = {Die 10 besten Website-Baukästen für 2024 im Vergleich},
	url = {https://www.hostinger.de/tutorials/beste-website-baukasten},
}
@inreference{wikipedia-contributors-2024A,
	author = {{Wikipedia contributors}},
	date = {2024-03-23},
	title = {Parsing},
	url = {https://en.wikipedia.org/wiki/Parsing?oldformat=true},
	urldate = {2024-04-03},
}
@inreference{wikipedia-contributors-2024B,
	author = {{Wikipedia contributors}},
	date = {2024-02-01},
	title = {Metaprogramming},
	url = {https://en.wikipedia.org/wiki/Metaprogramming?oldformat=true},
	urldate = {2024-04-03},
}
@online{jetbrains-sro-no-dateB,
	author = {{Jetbrains S.R.O} [jetbrains]},
	title = {Generation plan | MPS},
	url = {https://www.jetbrains.com/help/mps/generation-plan.html},
	urldate = {2024-04-02},
}
@online{deutscher-olympischer-sportbund-ev-no-date,
	author = {{Deutscher Olympischer Sportbund e.V.} [DOSB]},
	title = {Das NETZCOCKTAIL-System - Deine Vereinswebsite | Sportdeutschland – Deine Vereinswebsite},
	url = {https://vereinswebsite.sportdeutschland.de/de/deine-vereinswebsite/das-netzcocktail-system/},
	urldate = {2024-04-02},
}
@online{shopware-ag-no-date,
	author = {{Shopware AG} [Shopware]},
	title = {The ecommerce platform to power your online business},
	url = {https://www.shopware.com/en/},
	urldate = {2024-04-02},
}
@online{shopify-international-ltd-no-date,
	author = {{Shopify International Ltd.} [Shopify]},
	title = {Shopify DNA},
	url = {https://www.shopify.com/},
	urldate = {2024-04-02},
}
@online{jetbrains-sro-2021,
	author = {{JetBrains S.R.O.} [JetBrains]},
	date = {2021-06-15},
	title = {MPS: The Domain-Specific Language Creator by JetBrains},
	url = {https://www.jetbrains.com/mps/},
	urldate = {2024-04-02},
}
@online{jetbrains-sro-no-dateC,
	author = {{JetBrains S.R.O.} [JetBrains]},
	title = {What are Domain-Specific Languages (DSL) | MPS by JetBrains},
	url = {https://www.jetbrains.com/mps/concepts/domain-specific-languages/},
	urldate = {2024-04-03},
}
@inreference{wikipedia-contributors-2024C,
	author = {{Wikipedia contributors}},
	date = {2024-02-06},
	title = {Domain-specific language},
	url = {https://en.wikipedia.org/wiki/Domain-specific_language?oldformat=true},
	urldate = {2024-04-03},
}
@inreference{unknown-author-no-date,
	title = {Programming language},
	url = {https://en.wiktionary.org/wiki/programming_language},
	urldate = {2024-04-03},
}
@report{unknown-author-2023,
	date = {2023},
	number = {9075:2023},
	publisher = {International Organization for Standardization},
	title = {ISO/IEC 9075-1:2023},
	url = {https://www.iso.org/standard/76583.html},
	urldate = {2024-04-03},
}
@inreference{wikipedia-contributors-2024D,
	author = {{Wikipedia contributors}},
	date = {2024-02-17},
	title = {Programming paradigm},
	url = {https://en.wikipedia.org/wiki/Programming_paradigm?oldformat=true},
	urldate = {2024-04-03},
}